<record xmlns="http://www.loc.gov/MARC21/slim" xmlns:xsi="http://www.w3.org/2001/XMLSchema-instance" xsi:schemaLocation="http://www.loc.gov/MARC21/slim http://www.loc.gov/standards/marcxml/schema/MARC21slim.xsd"><leader>01672nam a2200349   4500</leader><controlfield tag="001">3073604</controlfield><controlfield tag="003">NNC</controlfield><controlfield tag="006">m        d        </controlfield><controlfield tag="007">cr cn |||m|||a</controlfield><controlfield tag="008">150223s1942    ua aef  ob    000 0 ara d</controlfield><datafield ind1=" " ind2=" " tag="040"><subfield code="a">NNU</subfield><subfield code="b">eng</subfield><subfield code="e">rda</subfield><subfield code="c">NNU</subfield></datafield><datafield ind1="0" ind2=" " tag="041"><subfield code="a">ara</subfield><subfield code="a">eng</subfield></datafield><datafield ind1="1" ind2=" " tag="100"><subfield code="6">880-01</subfield><subfield code="a">Marzu&#772;q, Muh&#803;ammad &#699;Abd al-&#699;Azi&#772;z. </subfield></datafield><datafield ind1="1" ind2="0" tag="245"><subfield code="6">880-02</subfield><subfield code="a">Masa&#772;jid al-Qa&#772;hirat qabl a&#787;sr al-Mama&#772;li&#772;k.</subfield><subfield code="b">[Pre-Mamluke mosques of Cairo.</subfield><subfield code="c">With preface (in English) by K.A.C. Creswell.</subfield></datafield><datafield ind1=" " ind2=" " tag="260"><subfield code="6">880-03</subfield><subfield code="a">al-Qa&#772;hirah,</subfield><subfield code="c">1942.</subfield></datafield><datafield ind1=" " ind2=" " tag="300"><subfield code="a">online resource (1 volume) :</subfield><subfield code="b">illustrations (1 on cover) including 21 plates and plans</subfield></datafield><datafield ind1=" " ind2=" " tag="336"><subfield code="a">text</subfield><subfield code="2">rdacontent</subfield></datafield><datafield ind1=" " ind2=" " tag="337"><subfield code="a">computer</subfield><subfield code="2">rdamedia</subfield></datafield><datafield ind1=" " ind2=" " tag="338"><subfield code="a">online resource</subfield><subfield code="2">rdacarrier</subfield></datafield><datafield ind1=" " ind2=" " tag="500"><subfield code="a">Part of the Arabic Collections Online (ACO) project, contributed by Columbia University Libraries.</subfield></datafield><datafield ind1=" " ind2=" " tag="504"><subfield code="a">Includes bibliographical references.</subfield></datafield><datafield ind1=" " ind2=" " tag="533"><subfield code="a">Electronic reproduction.</subfield><subfield code="b">New York, N.Y. :</subfield><subfield code="c">New York University,</subfield><subfield code="d">2015.</subfield><subfield code="5">NNU</subfield></datafield><datafield ind1="1" ind2=" " tag="700"><subfield code="a">Creswell, K. A. C.</subfield><subfield code="q">(Keppel Archibald Cameron),</subfield><subfield code="d">1879-1974.</subfield></datafield><datafield ind1="2" ind2=" " tag="710"><subfield code="a">Columbia University.</subfield><subfield code="b">Libraries.</subfield></datafield><datafield ind1="0" ind2=" " tag="730"><subfield code="a">Arabic Collections Online.</subfield></datafield><datafield ind1="0" ind2="8" tag="776"><subfield code="i">Print version:</subfield><subfield code="a">Marzu&#772;q, Muh&#803;ammad &#699;Abd al-&#699;Azi&#772;z.</subfield><subfield code="t">Masa&#772;jid al-Qa&#772;hirat qabl a&#787;sr al-Mama&#772;li&#772;k</subfield><subfield code="w">(NNC)3073604</subfield><subfield code="w">(OCoLC)26977604</subfield></datafield><datafield ind1="4" ind2="0" tag="856"><subfield code="u">http://hdl.handle.net/2333.1/tb2rbqw3</subfield></datafield><datafield ind1="1" ind2=" " tag="880"><subfield code="6">100-01</subfield><subfield code="a">&#1605;&#1585;&#1586;&#1608;&#1602;&#1548; &#1605;&#1581;&#1605;&#1583; &#1593;&#1576;&#1583; &#1575;&#1604;&#1593;&#1586;&#1610;&#1586;. </subfield></datafield><datafield ind1="1" ind2="0" tag="880"><subfield code="6">245-02</subfield><subfield code="a">&#1605;&#1587;&#1575;&#1580;&#1583; &#1575;&#1604;&#1602;&#1575;&#1607;&#1585;&#1577; &#1602;&#1576;&#1604; &#1593;&#1589;&#1585; &#1575;&#1604;&#1605;&#1605;&#1575;&#1604;&#1610;&#1603;.</subfield></datafield><datafield ind1=" " ind2=" " tag="880"><subfield code="6">260-03</subfield><subfield code="a">&#1575;&#1604;&#1602;&#1575;&#1607;&#1585;&#1577;&#1548;</subfield><subfield code="c">1942.</subfield></datafield><datafield ind1=" " ind2=" " tag="959"><subfield code="a">NNU</subfield><subfield code="b">WEB</subfield><subfield code="c">GENI</subfield><subfield code="t">0</subfield><subfield code="m">Electronic access</subfield><subfield code="s">01</subfield></datafield><datafield ind1=" " ind2=" " tag="999"><subfield code="i">NNC_3073604</subfield><subfield code="o">(OCoLC)26977604</subfield><subfield code="e">OK</subfield><subfield code="s">columbia_aco000145</subfield></datafield></record>